2836 4800
368 245 417 299 DE
436 242 586 298 IMPERIO
607 241 663 298 CN.
681 240 820 297 POMPEI
839 239 986 296 ORATIO.

91 412 172 491 qnod
206 412 242 471 ad
275 410 437 471 multorum
468 409 546 469 bona
578 409 687 468 civium
718 407 919 467 Romanorum
961 409 1104 486 pertinet:
1139 423 1267 484 quorum

20 551 22 557 .
93 500 176 560 vobis
200 518 254 578 pro
278 507 378 559 vestra
405 499 563 576 sapientia,
587 495 731 575 Quirites,
755 493 889 554 habenda
913 503 958 554 est
991 497 1065 556 ratio
1100 495 1266 574 diligenter.

92 606 161 648 nam
194 595 224 647 et
251 586 414 667 publicani,
444 586 578 645 homines
610 583 812 643 honestissimi
845 591 933 660 atque
967 585 1161 662 ornatissimi,
1199 601 1268 643 suas

93 678 225 736 rationes
267 684 296 736 ct
338 676 438 754 copias
479 677 510 733 in
546 672 626 732 illam
662 673 843 750 provinciam
885 671 1090 751 contulerunt,
1139 689 1268 750 quorum

65 767 229 843 eipsorum
252 781 306 842 per
329 781 361 822 se
385 781 434 822 res
458 770 487 822 et
511 762 647 821 lortunae
670 758 754 819 vobis
777 777 866 819 curae
895 777 961 820 esse
985 759 1102 820 debent.
1158 761 1268 820 etenim

94 855 120 912 si
152 851 316 930 vectigalia,
342 869 450 910 nervos
487 867 553 909 esse
591 849 636 907 rei
672 846 808 926 publicae
846 865 964 927 semper
1001 848 1157 927 duximus,
1199 864 1268 907 cum

94 948 176 1000 certe
201 941 352 1020 ordinem,
376 941 428 1017 qrri
455 945 575 998 exercet
601 935 664 1016 illa,
687 935 906 996 firmamentum
929 945 1098 997 ceterorum
1128 935 1269 996 ordinum

92 1036 174 1088 recte
203 1046 269 1088 esse
297 1027 437 1087 dicemus.
488 1024 595 1086 deinde
623 1042 660 1084 ex
684 1026 795 1084 ceteris
823 1023 978 1084 ordinibus
1008 1024 1143 1084 homines
1184 1019 1322 1103 gnavi18
1353 1040 1360 1047 ·

93 1124 183 1194 atque
212 1115 353 1176 industrii
382 1117 490 1194 partim
520 1115 578 1192 ipsi
607 1114 639 1172 in
667 1113 735 1172 Asia
765 1114 967 1193 negotiantur,
996 1112 1104 1190 quibus
1133 1132 1184 1173 vos
1217 1111 1266 1172 ab·

52 1220 79 1259 10
94 1204 230 1264 sentibus
257 1203 413 1263 consulere
442 1201 570 1281 dehetis,
597 1202 705 1280 partim
735 1218 841 1260 eorum
869 1203 900 1260 in
932 1219 966 1260 ea
987 1199 1141 1281 provincia
1178 1219 1268 1280 pecu·

94 1295 158 1352 nias
194 1310 314 1370 magnas
345 1291 500 1351 collocatas
535 1288 655 1349 babent.
712 1297 758 1348 est
789 1291 882 1367 igitur
913 1288 1105 1351 humanitatis
1143 1299 1269 1369 vestrae,

94 1398 234 1459 maguum
257 1398 415 1439 numerum
435 1376 567 1455 [eorum]
588 1380 696 1437 civium
719 1376 882 1437 calamitate
906 1377 1074 1460 prohibere,
1098 1380 1270 1458 sapientiae,

94 1468 194 1529 videre
217 1468 381 1528 multorum
405 1469 513 1546 civium
538 1465 733 1525 calamitatem
760 1483 777 1524 a
805 1484 838 1525 re
866 1464 984 1544 publica
1008 1469 1173 1527 seiunctam
1202 1483 1268 1525 esse

94 1574 154 1616 non
174 1575 271 1635 posse.
309 1557 420 1615 etenim
437 1557 567 1634 primum
585 1552 658 1613 illud
680 1555 763 1631 parvi
782 1554 890 1632 refert,
909 1572 973 1614 rem
1002 1554 1150 1632 pubbcam
1174 1557 1270 1632 ipsam
1292 1578 1294 1582 ’

56 1661 82 1700 15
97 1643 146 1703 illa
184 1643 337 1723 vectigalia
374 1651 478 1722 postea
514 1643 637 1702 victoria
671 1659 863 1720 recuperare:
901 1659 998 1721 neque
1036 1645 1116 1704 enim
1157 1643 1270 1702 eisdem

96 1730 262 1793 redimendi
290 1731 415 1792 facultas
444 1733 503 1791 erit
528 1738 651 1809 propter
679 1728 875 1790 calamitatem
905 1748 1002 1808 neque
1034 1731 1098 1791 aliis
1133 1731 1269 1791 voluntas

94 1827 219 1898 propter
256 1823 405 1881 timorem.
466 1817 586 1898 deinde,
618 1816 698 1896 qtiod
731 1835 785 1877 nos
821 1818 925 1878 eadem
957 1820 1026 1879 Asia
1063 1828 1151 1899 atque
1188 1819 1268 1879 idern
1282 1814 1324 1877 19

91 2061 190 2126 pacui,
218 2059 271 2113 wie
295 2059 381 2114 illiers
403 2064 435 2112 ut
453 2065 516 2113 ante
533 2059 659 2112 dixeram
712 2058 829 2123 liuntur,
842 2059 1002 2126 persdnlich
1012 2060 1170 2127 anwesend,
1184 2061 1273 2114 Lente

96 2129 144 2184 bei
157 2130 376 2199 Verweisangen
395 2128 445 2183 auf
460 2129 572 2182 luthere
588 2127 658 2182 Stel·
713 2145 763 2182 aus
781 2129 831 2182 der
849 2128 941 2184 Plebs.
977 2130 1070 2184 Ueber
1086 2130 1131 2185 die
1146 2131 1274 2184 Ausdeh-

94 2201 143 2254 len
162 2200 329 2255 einerRede
348 2199 659 2267 normannicum
712 2216 789 2268 nung
817 2199 866 2253 des
893 2200 1050 2254 ramischen
1076 2201 1217 2256 Verkehrs
1245 2201 1275 2254 in
1362 2248 1365 2256 .

95 2271 234 2336 dicturus,
252 2289 278 2340 p.
299 2277 347 2336 27,
368 2276 392 2324 5.
424 2275 429 2337 l
465 2277 488 2325 1.
507 2270 580 2338 quod
592 2286 657 2338 per·
712 2269 797 2324 Asien
810 2270 1023 2339 vgl.Einl.4A.
1037 2278 1077 2325 13.
1095 2275 1099 2338 Ι
1117 2273 1275 2340 mpetum
1343 2315 1350 2327 .

96 2342 176 2409 tinet,
195 2341 566 2408 nitmlichdasser(bcilum‚
578 2340 660 2394 nicht
713 2357 805 2394 eorum
823 2340 869 2394 fiir
887 2342 939 2395 ulii
956 2358 1062 2409 eorum,
1081 2343 1145 2398 E-s.
1166 2349 1217 2398 145
1228 2361 1250 2399 e.
1268 2344 1271 2414 l

97 2412 269 2480 delituimus,
290 2431 310 2466 s.
329 2419 345 2467 6
364 2412 396 2464 in
413 2413 476 2480 quo)
495 2409 658 2465 seineWir·
709 2413 845 2479 pecunias
879 2429 1007 2482 mappae,
1043 2413 1124 2469 nicht
1165 2416 1275 2480 multus,

96 2482 175 2551 hung
193 2483 330 2536 ersireckt
347 2481 398 2534 auf
409 2523 438 2536 ..
465 2486 469 2551 l
499 2488 524 2538 3.
542 2499 608 2536 num
626 2487 659 2548 ct,
714 2481 768 2535 wie
783 2488 815 2535 19
829 2498 872 2535 res
886 2499 1015 2552 mapnae;
1029 2484 1275 2552 HaackeSt.§23‚

97 2552 171 2606 denn
198 2555 313 2607 erstens.
353 2551 411 2606 Der
439 2552 536 2606 zweiie
564 2552 660 2606 Grund
716 2551 971 2622 1A.Vgl.mapnac
984 2556 1184 2622 copias20.21.
1207 2556 1210 2625 l
1232 2562 1274 2609 11.

96 2622 171 2692 lolgt
194 2629 209 2688 ξ
234 2628 268 2677 18
295 2623 325 2676 in
352 2622 470 2677 anderen
496 2622 582 2676 Form
608 2621 662 2676 mit
714 2623 859 2676 collocatas
876 2624 975 2677 babent
998 2641 1053 2679 von
1076 2627 1275 2679 collocaverunt

97 2695 202 2748 deinde
222 2693 316 2748 Ueber
321 2693 469 2760 publicani
478 2711 511 2746 zu
521 2698 545 2745 4.
559 2692 562 2762 l
579 2708 660 2746 orna-
714 2691 907 2760 verschieden‚
926 2693 990 2747 n-S.
1005 2700 1067 2762 316,
1082 2701 1107 2748 2.
1130 2696 1211 2749 Auch
1226 2695 1275 2749 Se-

97 2764 210 2830 tissimi,
237 2764 294 2833 vgl.
323 2763 402 2817 Vert.
429 2764 530 2817 Accl
560 2768 660 2828 5127:
715 2764 846 2831 natoren,
871 2763 961 2818 denen
980 2762 1196 2834 Geldgesch'ifte
1215 2783 1276 2820 ver·

97 2835 229 2889 hominem
243 2835 449 2889 ornatissimum
467 2836 537 2899 loco,
556 2834 660 2898 ordine,
713 2833 800 2887 boten
826 2850 933 2900 waren,
960 2834 1115 2890 handelten
1139 2835 1169 2890 in
1197 2836 1276 2892 Com-

97 2907 219 2972 nomine,
251 2907 368 2972 uirtute,
404 2906 528 2974 inpenio,
566 2905 660 2971 copiis.

99 2976 144 3027 An
159 2975 207 3029 das
220 2976 305 3031 leinte
324 2977 415 3030 denke
434 2975 496 3030 hier
513 2973 638 3028 zameist.
655 2974 659 3044 l

99 3052 125 3100 4.
145 3047 331 3112 contulerunt,
354 3047 408 3115 eig.
426 3046 529 3101 ‘haben
549 3044 662 3100 dorthin

99 3116 230 3184 verlegt’,
250 3136 284 3171 zu
293 3118 414 3171 rationes
423 3117 661 3185 (Berechnungen,
686 3179 691 3188 Χ

100 3185 515 3255 speculationen,1nieressen)
537 3186 662 3241 ‘dorthin

99 3257 264 3327 gerichtet’,
293 3277 327 3311 zo
349 3259 443 3325 copias
466 3256 661 3325 (Geldmittel)

102 3326 178 3381 ‘doct
201 3328 359 3398 angelegt’,
390 3329 445 3382 wie
481 3333 497 3393 ξ
525 3333 542 3381 4
567 3344 609 3382 res
628 3369 660 3382 ..

101 3404 256 3466 occupatae.
275 3402 279 3465 Ι
295 3405 319 3454 5.
333 3401 457 3466 ipsorum
472 3415 523 3467 per
536 3415 571 3463 ee,
590 3398 663 3452 auch

102 3468 175 3522 ohne
197 3469 352 3523 Riicksicht
379 3469 429 3524 auf
454 3469 503 3523 das
526 3470 662 3522 Interesse

102 3538 220 3593 anderen
245 3540 302 3608 pnd
321 3540 369 3593 des
389 3540 492 3594 Stante.
527 3542 531 3608 Ι
566 3546 590 3593 6.
609 3555 663 3592 csse

102 3608 149 3663 bei
163 3611 294 3664 ducimus
307 3627 366 3663 war
378 3609 457 3665 nicht
470 3609 577 3678 abthin
592 3609 662 3663 wird

103 3679 171 3733 aber
188 3679 269 3735 nicht
287 3680 377 3734 celion
390 3682 532 3749 nugesetzt
546 3681 572 3747 (2
582 3680 635 3748 E).
657 3680 661 3750 l

103 3750 663 3820 curncerteordincm‚i.e.publicanorum;

103 3837 132 3888 p.
151 3820 244 3876 Plano.
260 3828 306 3876 23:
325 3825 375 3890 sios
393 3823 513 3890 equitum
526 3820 663 3874 Romano-

103 3906 178 3957 rum,
206 3899 395 3947 ornamentum
413 3892 545 3957 ciuitatis,
572 3893 664 3958 firma·

104 3962 224 4014 mentum
246 3964 287 4016 rei
305 3965 434 4031 publicae
454 3964 666 4032 publicanorum

105 4032 202 4086 ordine
221 4033 381 4088 continetur.
419 4034 455 4088 So
474 4033 593 4088 braucht
609 4033 666 4089 Cic.

105 4102 360 4157 uuehanderw'arts
370 4103 666 4159 ordinceimweiteren

106 4172 191 4228 Sinne
201 4189 257 4227 von
266 4173 490 4242 Berufssidnden,
500 4175 553 4230 wie
560 4175 638 4230 Verr.
649 4182 665 4228 2

105 4248 181 4308 517ς
200 4246 226 4298 si
244 4246 373 4314 cuiquam
390 4245 484 4299 ordini
501 4248 557 4300 siae
575 4251 666 4300 orato·

105 4331 168 4367 rum
190 4317 246 4369 ciac
273 4316 465 4383 pecuariorum
486 4319 541 4370 siae
565 4333 665 4371 merca-

53 4382 91 4437 18
105 4389 195 4452 iorum
208 4388 346 4456 probatus
363 4387 406 4441 sit.
438 4388 442 4454 l
473 4391 496 4440 9.
515 4389 571 4455 ipsi
588 4403 667 4456 nepo·

715 2904 817 2972 pagnie
836 2903 889 2958 mit
907 2904 1064 2960 rdmischen
1080 2906 1192 2962 Ritiern
1210 2907 1278 2963 oder

714 2975 833 3028 keulten
842 2975 902 3029 sich
915 2976 946 3030 in
955 2976 1010 3030 den
1019 2977 1174 3033 Provinnen
1183 2995 1277 3048 grosse

715 3044 901 3115 Besitznngen
920 3063 964 3103 an.
990 3049 995 3115 Ι
1022 3055 1063 3102 13.
1083 3067 1102 3103 u
1118 3050 1278 3118 republica

715 3116 788 3170 nach
819 3117 895 3171 einer
926 3117 966 3170 im
994 3117 1192 3174 Lateinischen
1220 3120 1278 3172 und

716 3186 916 3241 Griechischen
944 3190 1007 3242 sehr
1034 3189 1165 3258 hiufigen
1188 3191 1278 3243 Kiirne

715 3256 760 3311 fur
774 3275 793 3312 a
806 3259 847 3311 rei
857 3275 885 3326 p.
897 3259 1064 3328 calamitate,
1078 3260 1134 3329 vgl.
1147 3266 1179 3313 19
1190 3277 1214 3313 a.
1226 3260 1256 3314 E.
1272 3260 1275 3330 l

719 3333 760 3383 14.
776 3329 848 3381 iliud
862 3329 947 3397 pomi
965 3330 1059 3396 refert,
1079 3330 1128 3384 der
1141 3330 1279 3385 Einwand

715 3397 776 3451 will
793 3397 872 3451 nicht
890 3396 947 3452 viel
965 3417 1058 3481 engen.
1085 3406 1088 3469 Ι
1113 3418 1169 3455 rem
1184 3444 1189 3455 .
1207 3403 1278 3456 ‚illu

716 3468 762 3521 ein
776 3468 902 3522 Versuch
920 3469 965 3523 fiir
978 3470 1024 3525 dre
1038 3472 1159 3527 sinnlose
1173 3472 1278 3526 Ueber-

716 3538 855 3607 lieferung
886 3556 936 3594 nos
968 3543 1129 3609 publicanis
1161 3545 1277 3598 arnissis.

718 3608 849 3679 [Richter
884 3611 998 3666 wollte:
1034 3629 1084 3667 noc
1115 3615 1278 3682 prabiicanis

717 3681 819 3734 amissa
850 3683 995 3752 uectipaiia
1028 3685 1098 3752 (vgl.
1130 3692 1146 3737 6
1178 3685 1278 3753 quibus

718 3753 838 3817 amisus,
857 3751 891 3806 de
907 3753 963 3821 leg.
983 3770 1040 3822 agr.
1056 3761 1072 3807 2
1091 3759 1151 3818 §80
1171 3756 1279 3808 amissis

718 3823 811 3876 ceteris
837 3824 1024 3892 ucctipaiibas)
1052 3840 1133 3892 posse
1163 3827 1280 3879 uictoria

718 3908 878 3960 recuperare
901 3893 968 3962 (ng.
991 3910 1043 3947 sua
1062 3910 1114 3961 per
1136 3896 1280 3950 uictoriam

719 3980 878 4031 recuperare
896 3963 974 4017 Vera.
993 3970 1008 4016 2
1029 3969 1044 4029 5
1063 3969 1110 4032 86,
1133 3968 1280 4034 pecuniam
1361 3987 1371 4006 ⁰

719 4034 820 4088 nostrie
846 4050 1006 4102 recuperare
1034 4035 1068 4089 de
1096 4036 1151 4106 leg.
1180 4055 1238 4108 agr.
1263 4044 1279 4090 2

719 4104 823 4174 §41)].‘
841 4103 907 4156 Man
922 4109 1039 4174 ergiinze
1054 4106 1107 4161 den
1122 4107 1280 4162 Zwischen-

719 4174 880 4244 gedanken:
902 4173 986 4229 ‘auch
1004 4177 1053 4231 der
1072 4176 1137 4247 Sieg
1155 4178 1213 4231 und
1232 4179 1281 4232 der

720 4244 945 4314 Wiedergewinn
977 4247 1027 4300 der
1059 4246 1175 4303 Sieucrn
1211 4249 1282 4302 wird

720 4316 854 4370 zunitchst
867 4315 946 4371 nicht
960 4317 1013 4372 den
1027 4319 1168 4372 Pichtern
1182 4338 1216 4372 zu
1230 4324 1282 4388 gut

720 4386 873 4440 hommen'.
890 4388 894 4454 l
913 4394 953 4442 16.
969 4390 1132 4455 reducendi,
1147 4407 1182 4444 sc.
1195 4391 1282 4446 vecti-

160 4483 271 4525 R1onrnn
280 4496 303 4526 u.
313 4486 457 4537 Enniana»,
466 4485 562 4527 Cicero’s
572 4486 631 4527 Rode
642 4489 663 4527 u.
673 4486 694 4526 d.
705 4486 834 4534 Imperium.
1053 4483 1068 4530 3
