2836 4800
400 245 448 298 DE
467 244 619 299 IMPERIO
640 244 696 299 CN.
714 242 853 298 POMPEI
872 240 1016 298 ORATIO.
1255 241 1298 307 35

125 409 191 468 dico
215 411 279 469 eius
303 410 430 472 adventu
454 413 596 471 maximas
618 409 781 469 Mithridati
809 410 909 486 copias
932 406 1071 468 omnibus
1098 406 1189 468 rebus
1212 427 1298 468 orua-

125 508 169 557 tas
193 507 281 576 atque
304 500 468 560 instructas
496 500 601 579 luisse,
630 496 794 576 urbemque
818 498 903 556 Asiae
932 496 1124 556 clarissimam
1152 495 1298 576 nobisque

125 587 345 667 amicissimam,
374 586 600 667 Cyzicenorum,
627 585 778 646 obsessam
809 603 875 645 esse
906 584 942 645 ab
974 587 1039 664 ipso
1072 602 1142 663 rege
1174 588 1299 646 maxima

124 673 314 734 multitudine
342 685 373 735 et
396 684 594 756 oppugnatam
618 674 889 752 vehementissime,
913 691 1001 751 quam
1024 671 1056 732 L.
1075 670 1217 733 Lucullus
1241 676 1299 733 vir·

96 771 202 842 utute,
235 763 422 844 assiduitate,
454 764 578 825 consilio
610 765 734 824 summis
770 761 932 822 obsidionis
969 761 1111 839 periculis
1148 760 1298 842 liberavit3

124 850 161 911 ab
190 850 293 911 eodem
322 854 502 930 imperatore
530 852 655 912 classem
682 868 817 928 magnam
845 859 875 910 et
903 857 1049 930 ornatam,
1074 867 1148 927 quae
1172 846 1352 929 ducibus2l

126 939 306 1001 Sertorianis
329 940 365 1000 ad
388 939 500 1001 ltaliam
525 939 622 1000 studio
646 939 825 999 inflammata
851 946 1017 1019 raperetur,
1041 947 1210 1017 superatam
1233 957 1299 998 esse

124 1037 213 1106 atque
238 1026 422 1109 depressam,
449 1047 569 1106 magnas
597 1028 728 1089 hostium
755 1032 908 1106 praeterea
933 1029 1032 1105 copias
1055 1026 1156 1086 multis
1178 1026 1300 1105 proeliis

125 1134 191 1178 esse
223 1116 335 1176 deletas
366 1118 606 1196 patefactumque
640 1118 750 1176 nostris
781 1114 946 1194 legionibus
979 1133 1044 1174 esse
1072 1114 1215 1191 Pontum,
1249 1119 1300 1193 qui

84 1213 211 1265 1oantea
243 1205 352 1283 populo
387 1205 519 1266 Romano
554 1224 593 1265 ex
629 1207 710 1264 omui
746 1204 827 1264 aditu
865 1202 983 1263 clausus
1016 1203 1134 1281 luisset,
1168 1203 1299 1281 Sinopen

125 1302 214 1371 atque
242 1294 388 1374 Amisum,
417 1293 525 1372 quibus
553 1296 584 1353 in
613 1293 729 1372 oppidis
756 1301 842 1352 erant
869 1291 1015 1351 domicilia
1039 1294 1133 1371 regis,
1161 1291 1299 1351 omuibus

125 1381 217 1441 rebus
253 1391 372 1442 ornatas
409 1401 443 1443 ac
484 1383 624 1461 refertas,
661 1391 835 1458 ceterasque
872 1379 963 1440 urbes
999 1380 1086 1446 Ponti
1123 1390 1154 1440 et
1190 1379 1299 1458 Cappa·

125 1470 226 1530 dociae
254 1470 418 1548 permtdtas
445 1489 505 1530 uno
538 1470 618 1530 aditu
645 1470 832 1546 adventuque
861 1486 926 1528 esse
954 1477 1066 1546 captas:
1099 1486 1200 1545 regem
1233 1485 1298 1547 spo·

124 1557 228 1617 hatum
256 1576 347 1636 regno
377 1561 474 1637 patrio
502 1567 590 1636 atque
618 1560 695 1618 avito
723 1558 758 1616 ad
787 1556 859 1617 alios
887 1574 919 1615 se
947 1574 1034 1634 reges
1057 1563 1145 1633 atque
1169 1556 1205 1615 ad
1228 1556 1299 1615 alias

85 1659 110 1700 15
125 1655 230 1724 gentes
258 1646 422 1725 supplicem
451 1647 625 1728 contulisse,
654 1654 742 1724 atque
770 1646 843 1705 haec
872 1647 969 1704 omnia
998 1643 1084 1703 salvis
1111 1644 1213 1723 populi
1240 1643 1298 1703 Ro·

124 1737 204 1793 mani
237 1737 326 1794 sociis
358 1743 446 1813 atque
479 1737 603 1814 integris
630 1732 822 1812 vectigalibus
854 1751 920 1793 esse
952 1740 1043 1811 geste.
1094 1734 1166 1792 setis
1193 1735 1299 1811 opinor

114 1904 225 1958 ‘dessen
243 1903 411 1972 glbnzender
431 1904 512 1974 Siege
532 1905 581 1958 der
597 1903 686 1973 vKrieg
738 1904 832 1957 innerh
858 1920 894 1956 an
917 1902 963 1957 die
982 1904 1080 1957 Worie
1104 1902 1152 1956 des
1170 1901 1299 1956 Dichters

123 1975 197 2029 nocb
210 1975 369 2029 bedentend
383 1976 440 2030 und
455 1974 611 2044 geidhrlich
626 1975 686 2028 sein
739 1974 862 2028 Lucilius
882 1975 963 2029 Tunc.
982 1973 1029 2026 lV.
1053 1977 1099 2026 48:
1125 1989 1210 2040 usque
1233 1974 1299 2026 odeo

124 2045 232 2112 hinne,
264 2046 397 2100 wbhrend
426 2046 471 2100 die
500 2046 610 2115 Gegner
638 2045 686 2098 der
739 2046 830 2098 studio
845 2051 925 2114 atque
938 2045 1085 2098 odiotltiue
1099 2044 1200 2109 ecferor
1210 2042 1296 2113 irad!

124 2115 182 2169 Bill
199 2116 312 2169 Luculle
332 2116 442 2171 Thuben
466 2116 564 2185 gelobt
587 2117 687 2170 hatten
739 2120 924 2184 raperetur=
939 2121 1061 2169 contento
1079 2129 1162 2168 cursu
1181 2114 1299 2166 Ital-iam

124 2188 169 2252 (21
189 2203 214 2239 a.
233 2187 288 2253 ΕΙ,
317 2205 364 2240 um
393 2188 493 2241 darem
521 2187 567 2240 die
594 2187 686 2255 Unge·
735 2191 850 2255 peteret,
886 2205 913 2255 p.
940 2185 1057 2239 Murena
1084 2191 1133 2249 33;
1170 2183 1242 2237 Einl.
1272 2190 1297 2239 0.

123 2255 308 2311 lumbohkeit
342 2257 390 2312 des
422 2258 555 2312 weiteren
586 2257 686 2327 Kriegs
739 2257 811 2311 Phil.
832 2263 864 2310 13
887 2262 967 2322 §182
995 2257 1104 2310 indeee
1124 2257 1298 2323 quofronte,

125 2327 182 2380 und
201 2327 246 2381 die
260 2327 467 2398 Unndthigkeit
485 2328 560 2382 eines
579 2345 684 2382 ausser·
738 2344 791 2397 quo
818 2328 917 2382 ardore
943 2329 980 2381 od
1007 2328 1099 2381 urbem
1126 2327 1266 2394 rapiebat!
1291 2327 1295 2396 Ι
1365 2366 1370 2374 .

125 2398 318 2453 ordentlichen
333 2398 518 2454 Commendos
536 2418 569 2452 zu
589 2398 685 2454 erwei-
740 2405 763 2454 9.
792 2415 861 2459 esee·
892 2399 969 2452 diese
995 2397 1216 2466 Wiederholung
1248 2398 1299 2450 hat

125 2486 182 2523 sen.
218 2469 291 2522 Einl.
311 2470 360 2524 ef.
396 2475 399 2536 Ι
439 2478 462 2523 1.
482 2472 540 2524 eius
558 2471 687 2535 adventu,
740 2471 877 2524 durcbaus
893 2469 985 2522 nichts
1003 2467 1169 2537 aufftlliges.
1196 2471 1199 2534 Ι
1225 2468 1299 2521 Pon·

125 2540 187 2594 E-S.
209 2545 259 2593 195
279 2543 311 2593 A.
349 2540 402 2593 nin
420 2541 544 2594 Hinweis
567 2541 618 2594 auf
641 2540 686 2594 die
740 2547 811 2605 turn,
829 2541 879 2593 das
898 2539 989 2607 Laud,
1013 2556 1034 2593 s.
1053 2538 1125 2592 Einl.
1147 2543 1180 2592 10
1199 2539 1231 2590 Α.
1251 2543 1298 2604 35ς

126 2609 264 2679 Sachlage
283 2610 329 2665 bei
345 2610 459 2665 Luculle
472 2611 600 2663 Ankunft
618 2612 688 2664 lbsst
740 2627 774 2664 coc
797 2612 876 2664 omui
893 2612 973 2664 oditu
997 2635 1030 2654 =
1054 2626 1088 2663 ex
1116 2610 1191 2662 omni
1220 2610 1300 2675 parto

125 2680 202 2736 scine
231 2682 342 2735 Thaten
369 2699 417 2734 um
447 2697 477 2734 so
504 2687 614 2750 grdsser
646 2697 687 2734 er·
741 2697 797 2749 qua
811 2681 997 2748 adiripotest,
1012 2677 1297 2748 wieVerr.4§117.l

125 2752 264 2806 schemen.
295 2755 298 2818 Ι
328 2753 464 2806 mocimus
483 2753 588 2819 coptos,
614 2750 686 2806 Einl.
741 2757 782 2804 10.
793 2751 924 2818 Sinopen,
938 2749 1037 2805 sllinl.
1047 2756 1070 2814 1,
1083 2749 1217 2816 Amisum,
1228 2749 1300 2802 Ε.10
1363 2774 1367 2781 ·

125 2824 158 2877 A.
173 2829 216 2877 24.
233 2825 237 2890 Ι
254 2823 419 2877 Mithridati
436 2822 489 2877 πίε
504 2829 537 2877 23
560 2823 686 2892 Tigrani,
740 2825 773 2876 A.
793 2828 844 2889 363
873 2822 1026 2885 domicilia,
1053 2820 1195 2888 duodece,
1223 2819 1300 2874 Resi-

126 2894 240 2960 E·S.54‚
251 2894 297 2947 id.
312 2892 509 2964 indestructus
516 2895 610 2960 subse,
620 2893 687 2948 aber
741 2894 854 2947 denzen.
871 2894 875 2959 Ι
892 2899 933 2948 11.
944 2892 1078 2956 omuibus,
1091 2909 1125 2944 zu
1138 2897 1273 2959 p.29,14.
1292 2888 1296 2960 Ι

127 2965 259 3019 obsessam
277 2981 343 3031 esee,
365 2965 442 3031 weil,
469 2965 520 3019 πίε
540 2965 601 3018 eine
620 2965 688 3017 Ver·
743 2970 784 3017 12.
804 2969 904 3018 ceterae
918 2994 952 3002 —
964 2963 1130 3030 permultae,
1149 2960 1251 3015 andere
1270 2961 1302 3014 in

127 3035 279 3102 wandlung
296 3035 325 3088 in
344 3035 389 3090 die
408 3036 514 3090 directe
529 3036 606 3090 Rode
625 3035 687 3088 dar·
742 3034 806 3088 sehr
824 3051 933 3103 grosser
952 3033 1033 3098 Zahl;
1061 3033 1116 3102 vgl.
1136 3038 1184 3085 22:
1211 3033 1302 3085 ninel-

126 3107 203 3173 thut,
226 3106 378 3159 instructae
396 3113 487 3171 mont,
506 3108 688 3171 obsidebatur,
742 3123 814 3159 mom
835 3107 891 3159 vim
911 3145 916 3158 .
937 3146 943 3158 .
964 3144 970 3156 .
990 3119 1092 3157 omnem
1114 3104 1238 3170 reliquit,
1267 3102 1301 3155 de

127 3177 176 3230 der
203 3176 361 3230 vollendeie
390 3177 513 3230 Zuetand
539 3177 592 3230 mit
622 3177 687 3231 dem
740 3177 796 3231 inv.
819 3175 846 3228 II
870 3181 899 3228 1:
931 3176 957 3228 te
978 3179 1003 3226 et
1025 3179 1126 3227 ceteras
1153 3174 1302 3240 conplures

126 3248 200 3301 noch
215 3247 374 3301 dauemden
388 3250 507 3317 gepaari
519 3247 597 3302 wird.
621 3247 686 3302 b-s.
741 3247 850 3300 tabulae
873 3246 986 3313 pinxit;
1015 3243 1083 3296 oder
1109 3243 1217 3296 ‘sonet
1237 3241 1302 3295 sehr

127 3323 179 3372 336
199 3319 231 3370 A.
257 3319 367 3373 clausus
389 3320 486 3385 fuisset
509 3325 563 3372 21:
577 3324 620 3372 32.
644 3323 686 3371 65.
741 3317 825 3372 viele’
845 3315 898 3369 πίε
914 3321 946 3368 13
957 3332 993 3367 m.
1011 3317 1014 3380 Ι
1032 3319 1073 3366 13.
1088 3329 1144 3366 uno
1159 3314 1239 3366 aditu
1253 3313 1301 3366 ad·

128 3394 161 3442 tt
180 3394 312 3456 pacatam
334 3389 426 3448 Ιαίεεε.
457 3391 460 3456 Ι
498 3390 687 3444 clarissimam.
740 3392 887 3455 oculoque,
905 3385 958 3440 πίε
974 3390 1006 3437 13
1027 3385 1145 3437 adventu
1163 3385 1234 3452 ipso,
1253 3400 1310 3437 an·-

129 3459 396 3527 Strabonum:
416 3457 520 3514 ἔστιδ’
543 3456 688 3529 ἐνάμιλλος
741 3458 875 3512 derwdrts
901 3472 951 3510 suo
978 3455 1109 3520 adventu,
1133 3456 1226 3523 primo
1252 3455 1312 3508 od«

127 3535 189 3592 ταῖς
212 3524 336 3597 πρώταις
359 3531 415 3584 τῶν
433 3526 505 3585 κατὰ
529 3526 581 3616 τὴν
598 3525 688 3583 Ἀσίαν
741 3533 836 3593 centu,
868 3543 937 3592 uuo,
963 3527 1057 3595 primo
1089 3527 1199 3593 impetu.
1244 3523 1302 3579 Cic.

128 3597 145 3668 ἡ
165 3595 245 3662 πόλις
264 3599 383 3670 μεγέθει
406 3620 435 3655 τε
459 3601 620 3655 unicultor
640 3599 688 3653 ιιαλ
741 3597 897 3653 iibertreibt
915 3597 1005 3662 sterk3
1029 3616 1049 3651 s.
1068 3596 1141 3650 Einl.
1158 3602 1189 3648 11
1206 3614 1231 3664 g.
1247 3595 1277 3650 E.
1296 3595 1300 3666 Ι

129 3665 249 3744 εὐνομίᾳ
267 3666 338 3738 πρός
356 3690 386 3724 τε
406 3670 521 3739 εἰρήνην
540 3671 588 3725 καλ
606 3667 687 3724 πόλι·
743 3676 784 3725 14.
805 3671 842 3724 od
860 3670 930 3724 ulios
947 3684 1034 3737 repet,
1053 3668 1189 3721 zunbchsi
1205 3665 1302 3734 Tigra·

129 3761 190 3812 μον.
211 3747 214 3810 Ι
236 3743 487 3828 3.(αναίαλείαιααιι
505 3741 580 3832 ihrer
598 3741 687 3825 Trepe
742 3758 799 3809 nee,
817 3741 891 3823 donn
910 3739 1053 3821 Arsihes,
1064 3743 1165 3807 pentes,
1185 3755 1218 3790 zu
1237 3735 1299 3817 233!

128 3807 621 3952 ttttultttthtttttt
635 3831 688 3936 tt
741 3806 1303 3937 titillenturstriduit

128 3953 178 4007 καὶ
196 3949 289 4021 χώραν
309 3952 367 4022 ἔχει
390 3950 494 4023 πολλὴν
513 3951 565 4023 τὴν
584 3952 636 4024 μὲν
656 3949 688 4007 ἐκ
741 3954 798 4008 und
812 3951 1025 4022 Requieitionen
1041 3968 1074 4003 zu
1089 3948 1226 4013 dritclren3
1246 3948 1302 4018 vgl.

128 4024 265 4090 παλαιοῦ,
297 4022 349 4092 τὴν
385 4022 417 4078 δὲ
455 4025 510 4079 τῶν
545 4019 688 4094 Ῥωμαίων
742 4025 883 4079 Plutarch.
893 4024 959 4077 Luc.
971 4027 1013 4076 20.
1030 4021 1035 4087 Ι
1052 4022 1214 4089 16.iutepris
1223 4021 1302 4074 vecti·

128 4092 321 4163 προσθέντων.
351 4093 451 4150 Strabo
468 4097 529 4151 ebd.
555 4098 560 4165 Ι
585 4103 609 4151 5.
625 4097 688 4150 tibe—
742 4096 874 4165 polibus,¹
888 4095 913 4146 d.
933 4094 960 4146 h.
985 4092 1058 4146 ohne
1078 4108 1114 4145 en
1132 4091 1177 4146 dio
1196 4090 1309 4144 staats--

128 4169 215 4232 ravit,
239 4166 289 4219 der
307 4165 444 4220 Indicativ
463 4166 512 4220 der
529 4167 689 4221 Thatsache
719 4167 822 4237 ,karse
850 4164 1080 4232 Aniorderungen
1111 4181 1145 4216 zu
1176 4162 1308 4215 macheu.

129 4235 689 4292 ohnthicksichtaufdaseinkleidende
744 4237 781 4292 So
808 4239 930 4306 ersparte
958 4252 988 4288 er
1011 4239 1080 4288 3000
1099 4234 1230 4294 'salente
1258 4231 1304 4283 dio

77 4307 113 4362 21
130 4309 198 4363 dico.
230 4311 233 4372 Ι
261 4308 398 4372 Ftetudto,
412 4307 584 4362 Parteieiier.
599 4311 690 4377 (atque
743 4308 803 4361 ihm
830 4326 878 4361 zur
906 4307 1081 4374 Aueriistung
1108 4304 1184 4358 einer
1208 4302 1305 4355 Flotle
1351 4351 1356 4358 ,

130 4380 192 4434 odio
211 4380 280 4433 setzt
298 4380 359 4433 eine
377 4378 425 4432 Hs.
446 4376 542 4443 hinnu
568 4377 628 4433 dies
647 4395 689 4432 er·
744 4378 919 4447 angewiesen
955 4393 1061 4442 waren,
1098 4373 1156 4428 und
1191 4372 1307 4430 besti-itt.

1056 4463 1091 4516 3⁸
