2836 4800
133 228 177 294 50
523 229 561 284 Μ.
581 229 704 284 TULLII
723 226 914 301 CICERONIS

133 398 248 476 giorum
278 395 410 475 exempla
440 403 609 456 sumantur:
639 398 691 474 qui
720 413 779 474 quo
809 396 856 456 die
887 415 904 456 a
933 396 1017 457 vohis
1049 400 1196 460 maritimo
1230 398 1310 460 bello

133 487 320 565 praepositus
345 493 390 545 est
412 486 583 564 imperator,
606 493 687 544 tanta
710 493 834 564 repente
853 485 950 545 vilitas
974 504 1105 548 annonae
1129 505 1167 547 ex
1190 505 1306 549 summa

132 576 231 654 iuopia
261 582 292 634 et
324 576 444 634 caritate
473 575 520 633 rei
550 574 760 634 frumentariae
791 581 950 634 consecuta
984 583 1030 636 est
1058 577 1148 636 unius
1178 575 1307 637 hominis

133 681 185 742 spe
209 680 243 723 ac
266 665 399 743 nomine,
423 669 562 739 quantam
584 663 632 721 vix
655 680 692 722 ex
710 680 824 722 summa
843 661 979 724 ubertate
1003 673 1142 742 agrorum
1165 663 1306 726 diuturna

79 763 123 830 45
132 770 189 831 pax
226 752 345 811 efficere
387 752 542 830 potuisset.
600 752 659 810 iam
696 758 816 830 accepta
857 753 888 811 in
925 751 1020 812 Ponto
1062 752 1228 814 calamitate
1270 773 1336 816 exa

134 855 169 901 eo
199 840 327 921 proelio,
355 839 392 899 de
420 857 479 917 quo
508 857 560 899 vos
589 838 687 918 paullo
717 846 786 924 ante
815 842 926 900 invitus
954 841 1106 921 admonui,
1136 859 1205 902 cum
1234 845 1308 903 socii

132 930 373 1008 pertimuissent,
404 927 535 988 hostium
571 946 643 1006 opes
682 929 831 1006 animique
870 931 1047 1009 crevissent,
1080 931 1151 990 satis
1188 930 1307 992 firmum

132 1017 313 1097 praesidium
336 1018 488 1096 provincia
511 1034 571 1076 non
593 1015 730 1078 haberet:
753 1019 926 1078 amisissetis
944 1020 1056 1098 Asiam,
1081 1018 1227 1100 Quirites,
1249 1022 1307 1080 nisi

133 1104 169 1166 ad
192 1108 291 1185 ipsum
314 1105 474 1166 discrimen
498 1106 563 1165 eius
587 1106 730 1184 temporis
758 1104 899 1166 divinitus
923 1105 974 1174 Cn.
997 1105 1173 1186 Pompeium
1195 1106 1233 1167 ad
1257 1127 1307 1168 eas

133 1197 270 1274 regiones
303 1195 421 1255 fortuna
458 1193 560 1272 populi
591 1193 717 1254 Romani
754 1193 910 1255 attulisset.
968 1194 1058 1256 huius
1094 1196 1239 1257 adventus
1276 1205 1347 1258 etm

132 1283 333 1345 Mithridatem
363 1282 481 1343 insolita
509 1281 723 1343 inflammatum
755 1284 876 1344 victoria
907 1282 1055 1344 continuit
1084 1292 1115 1344 et
1146 1283 1306 1364 Tigranem

132 1373 247 1452 magnis
270 1373 363 1450 copiis
387 1372 571 1431 minitantem
594 1371 679 1431 Asiae
707 1371 875 1432 retardavit.
921 1379 952 1433 et
979 1374 1135 1451 quisquam
1159 1372 1307 1434 dubitabit

134 1461 204 1540 quid
229 1463 337 1521 virtute
356 1460 546 1539 perfecturus
565 1462 612 1541 sit,
635 1461 687 1538 qui
705 1468 821 1520 tautum
843 1463 1018 1522 auctoritate
1043 1458 1227 1540 perfecerit?
1254 1470 1307 1522 aut

134 1567 222 1628 quam
249 1549 333 1609 facile
362 1551 487 1627 imperio
514 1556 603 1627 atque
633 1550 765 1609 exercitu
796 1551 893 1609 socios
922 1557 952 1609 et
974 1549 1126 1628 vectigalia
1149 1568 1306 1618 conserva·

79 1634 212 1715 dcxvi]
245 1646 332 1698 turus
369 1639 421 1717 sit,
454 1639 505 1715 qui
540 1640 605 1717 ipso
638 1639 757 1697 nomine
789 1655 823 1698 ac
854 1655 975 1697 rumore
1008 1635 1197 1699 detenderit?
1252 1658 1305 1719 age
1321 1660 1347 1700 ιι

133 1745 219 1808 vero,
246 1726 295 1786 illa
323 1743 372 1786 res
400 1733 539 1804 quantam
568 1724 698 1812 declarat
720 1726 853 1786 eiusdem
877 1726 1005 1787 hominis
1029 1727 1106 1806 apud
1129 1727 1231 1789 hostes
1253 1747 1306 1807 po·

132 1815 196 1895 puli
218 1815 344 1875 Romani
373 1815 593 1895 auctoritatem,
617 1814 696 1893 quod
727 1832 764 1874 ex
793 1814 867 1875 locis
899 1822 959 1874 tam
986 1814 1157 1894 longinquis
1185 1824 1306 1896 tamque

133 1904 258 1964 dirersis
284 1911 345 1964 tam
373 1901 457 1963 brevi
484 1908 618 1982 tempore
642 1921 745 1964 ornnes
768 1903 838 1963 huic
861 1922 893 1964 se
916 1905 970 1964 uni
992 1901 1193 1965 dediderunt?
1225 1905 1305 1984 quod

134 1991 321 2054 Cretensium
349 1991 451 2072 legati,
479 2010 547 2052 cum
579 1993 610 2052 in
638 2010 742 2052 eorum
771 1991 868 2052 insula
896 1999 997 2053 noster
1031 1994 1193 2072 imperator
1221 2013 1305 2054 exer·

134 2083 271 2160 citusque
295 2088 387 2161 esset,
411 2080 446 2139 ad
467 2079 518 2140 Cn.
532 2080 707 2160 Pompeium
730 2082 761 2141 in
779 2080 899 2142 ultimas
921 2099 1014 2160 prope
1038 2089 1134 2142 terras
1157 2090 1345 2143 veneruntne

133 2172 220 2249 eique
244 2189 276 2230 se
300 2187 402 2229 omnes
422 2168 610 2230 Cretensium
633 2171 767 2231 civitates
790 2169 899 2230 dedere
923 2170 997 2230 velle
1021 2167 1182 2232 dixerunt?
1212 2168 1306 2249 quid?

132 2258 211 2319 idem
242 2261 299 2319 iste
327 2257 511 2329 Mithridates
541 2276 640 2318 nonne
668 2259 704 2318 ad
732 2258 860 2319 eundem
893 2257 946 2318 Cn.
968 2257 1143 2338 Pompeium
1176 2259 1306 2338 legatum

131 2392 272 2447 Deutsche
292 2392 372 2446 ‘den
389 2395 419 2465 Ρ.
439 2393 480 2447 als
498 2393 621 2462 Beispiel
643 2411 690 2449 an·
744 2395 902 2448 hamanitas
920 2393 969 2448 des
987 2393 1137 2464 Pompeius
1165 2396 1307 2450 zuschrei·

131 2461 254 2518 ftihren'.
285 2465 289 2533 l
321 2471 343 2517 1.
367 2465 416 2533 qai
438 2480 491 2533 qao
509 2466 553 2519 die
572 2489 606 2509 =
624 2482 708 2522 nam,
744 2464 813 2531 ben,
839 2483 873 2518 zu
898 2470 940 2519 35.
969 2470 1017 2532 423
1049 2464 1122 2520 doch
1148 2465 1222 2521 lassi
1247 2466 1306 2522 sloh

133 2550 166 2589 eo
185 2534 239 2602 die,
259 2551 314 2604 quo
332 2534 364 2591 is.
382 2535 447 2590 E-S.
462 2541 523 2605 227,
533 2542 557 2590 3.
576 2535 690 2590 Haecke
744 2534 938 2590 beideseinen.
955 2539 960 2602 Ι
979 2541 1019 2591 18.
1029 2536 1151 2603 dinariis,
1158 2543 1249 2607 anag.
1257 2537 1306 2609 R}

133 2605 203 2671 Sag
220 2611 279 2677 123,
300 2611 317 2659 4
335 2623 375 2673 a.;
392 2608 541 2676 imperator
558 2607 611 2670 hae
626 2624 691 2662 man
744 2607 810 2661 laute
827 2622 854 2660 ee
872 2607 938 2661 arai:
962 2605 1059 2662 Cicero
1077 2606 1157 2661 stelit
1175 2607 1221 2662 die
1238 2609 1307 2663 Pro-

132 2677 205 2732 ohna
219 2676 316 2732 druna
334 2693 383 2731 ans
403 2684 436 2733 63
451 2678 483 2736 Ε.
501 2677 615 2747 getilgt;
634 2678 690 2748 rgl.
745 2677 859 2802 inopina
866 2694 933 2747 gem
940 2678 1202 2745 zusammemdabei
1211 2681 1308 2735 trennt

133 2753 166 2802 27
188 2749 417 2816 praetimendam,
446 2755 480 2804 49
504 2750 692 2819 Imperatorem
747 2765 776 2802 er
823 2748 881 2818 ufig
894 2749 1308 2819 sonstznsammengehoriges:

127 2819 283 2887 praeficere.
316 2821 320 2889 Ι
350 2826 375 2876 2.
403 2836 436 2874 aa
463 2836 568 2874 emma
595 2821 692 2888 inopia
746 2819 811 2874 liaeo
835 2820 910 2874 robis
932 2820 1079 2888 provincia
1104 2824 1144 2873 14.
1169 2825 1212 2874 27.
1237 2822 1306 2891 (vgl.

132 2889 286 2958 temporal‚
311 2907 344 2944 aa
365 2906 471 2945 omnmo
489 2892 610 2945 adamate
628 2907 691 2945 onu-
748 2897 780 2944 12
808 2896 915 2945 tantam
941 2891 1016 2946 aubis
1046 2890 1157 2958 imperii
1187 2892 1308 2960 gloriam

133 2959 207 3033 sel!
235 2965 260 3013 3.
278 2961 396 3015 homimis
414 2979 448 3015 ru
465 2977 512 3030 spe
531 2960 690 3030 objectiva,
746 2962 878 3030 tradere);
901 2962 985 3016 imm
1005 2977 1033 3016 oe
1050 2962 1164 3029 imperio
1183 2967 1217 3016 35
1237 2963 1306 3032 (ng
1358 2980 1363 2987 ·

131 3049 165 3084 zu
182 3032 292 3086 momine
309 3030 478 3100 possessiver
492 3030 618 3087 Genetiv.
637 3033 692 3086 Zur
745 3038 778 3086 21
798 3033 869 3086 aliae
886 3048 914 3086 se
931 3037 1031 3101 repam
1048 3048 1076 3088 se
1092 3032 1173 3086 altam
1191 3033 1244 3088 aad
1258 3040 1316 3101 623,

80 3101 118 3157 45
135 3101 224 3156 Saohe
247 3120 267 3156 s.
290 3101 363 3157 Einl.
387 3108 421 3156 22
446 3103 480 3158 A.
505 3108 547 3156 74.
572 3104 576 3171 1
601 3108 625 3156 6.
649 3105 690 3169 de,
743 3103 824 3157 mallei
845 3104 901 3171 apsi
922 3104 1032 3158 iniuria
1056 3109 1101 3170 143
1123 3104 1157 3158 im
1177 3105 1238 3174 ipm
1260 3121 1309 3160 roe

131 3172 196 3228 ms.
217 3179 268 3227 149
287 3175 320 3227 A.
347 3176 351 3243 Ι
374 3174 473 3242 paullo
491 3179 562 3240 ante,
581 3191 601 3228 s.
621 3174 689 3245 2⁵·l
744 3190 817 3242 spem
839 3174 981 3230 habituras
1000 3180 1047 3240 593
1070 3191 1103 3229 ea
1125 3175 1180 3229 aidi
1202 3176 1250 3230 ille
1272 3193 1307 3230 aa
1338 3189 1341 3195 ’

132 3250 158 3298 8.
207 3245 317 3299 atritas:
346 3243 392 3299 die
414 3245 524 3300 Anrede
551 3244 620 3300 hebi
645 3245 691 3300 dle
744 3245 857 3299 visenda
875 3247 982 3316 amdam
1000 3245 1166 3315 existimarit
1184 3251 1218 3299 40
1237 3247 1266 3315 (v
1286 3247 1308 3303 1.

132 3315 197 3370 Wic
217 3315 320 3385 tigkeit
361 3316 410 3371 der
445 3316 692 3386 rorausgehenden
745 3317 834 3371 nostri
851 3332 912 3370 cum
930 3317 979 3370 illo
996 3332 1057 3386 repe
1075 3317 1251 3385 imperatores
1273 3324 1306 3383 83

132 3385 230 3440 Worte
249 3386 434 3457 aindringlioh
452 3387 559 3443 hervor.
582 3390 585 3457 Ι
611 3393 635 3442 9.
655 3388 693 3442 ad
745 3388 814 3441 eatis
826 3389 894 3442 mihi
906 3388 994 3442 matta
1007 3387 1090 3442 cerba
1107 3388 1201 3454 fecisse
1213 3388 1309 3443 ridear

132 3458 223 3525 ipsum
241 3458 388 3512 discrimem
406 3459 464 3513 eius
482 3459 619 3528 temporis,
643 3475 692 3529 ge·
746 3460 808 3527 27);
849 3458 914 3513 haec
949 3473 1006 3512 mora
1041 3458 1131 3512 eodem
1171 3459 1309 3525 labefacta

132 3527 199 3582 rade
223 3545 257 3581 au
281 3527 345 3582 dem
367 3528 602 3584 entsoheidenden
621 3529 693 3583 Zeit·
746 3534 821 3583 mota
840 3535 886 3596 19;
905 3529 1041 3599 quidquid
1059 3529 1147 3583 estin
1161 3546 1201 3583 me
1219 3531 1309 3584 studii

131 3597 235 3668 punkt3
264 3600 301 3653 ad
324 3603 427 3667 mmpas
448 3601 601 3655 eunomii
625 3599 692 3654 Sall.
747 3605 780 3653 69
805 3600 862 3669 vgl.
886 3601 1060 3655 auctoritatis
1082 3601 1114 3654 ira
1136 3617 1176 3654 me
1198 3606 1308 3655 tantam

131 3670 194 3754 Ing,
211 3674 254 3739 70,
274 3675 298 3724 6.
324 3671 429 3725 iudicio
451 3676 512 3737 tuo,
538 3687 595 3726 moa
618 3687 692 3736 caea,
745 3672 782 3725 eit
809 3677 834 3739 2,
861 3688 905 3726 wo
934 3671 1006 3726 auch
1033 3670 1078 3726 die
1105 3670 1309 3741 regelmtssige

131 3759 164 3796 m
182 3758 273 3810 ipsam
287 3741 432 3796 discrimen
449 3758 540 3796 rerum
553 3742 694 3797 contulisti
746 3743 876 3797 Trennun
925 3743 973 3797 des
1001 3739 1133 3797 Genetiva
1159 3757 1214 3796 von
1242 3743 1308 3797 dem

132 3813 305 3868 tribamatam
323 3817 409 3880 taam,
428 3813 464 3868 ad
482 3811 548 3869 iam.
564 3819 589 3880 2,
605 3819 629 3881 7,
644 3819 669 3866 2.
687 3812 690 3884 l
745 3760 929 3885 regiareanen
946 3830 1025 3883 pron.
1043 3813 1133 3867 neutr.
1152 3830 1186 3865 zu
1204 3813 1308 3867 baech-

132 3885 226 3938 adear
239 3884 270 3938 in
283 3883 329 3938 die
342 3885 431 3941 Naue.
447 3886 453 3954 1
470 3890 512 3941 ta.
527 3885 693 3938 auctoritas:
746 3884 862 3939 teniat.
899 3884 979 3939 Dooh
997 3885 1069 3939 auch
1086 3883 1162 3938 aubis
1179 3885 1231 3938 illa
1249 3901 1309 3938 ma·

134 3955 162 4007 Z.
183 3959 216 4009 15
234 3955 299 4010 tritt
322 3956 382 4024 ipm
404 3974 450 4024 zu,
478 3973 498 4010 s.
517 3973 551 4008 zu
574 3955 693 4009 adventa
746 3957 810 4010 cala
825 3962 854 4020 ’ῖς
872 3970 919 4009 aaa
936 3971 996 4009 eum
1014 3972 1100 4026 regem
1116 3961 1147 4009 11
1163 3953 1223 4022 (der
1237 3954 1311 4010 Ent-

134 4025 245 4093 ipsolt.
262 4029 265 4095 Ι
283 4025 693 4096 aatkonnteauchabgesehen
750 4026 908 4096 sprechuug
929 4027 1057 4096 halben);
1079 4041 1127 4081 ooo
1148 4027 1206 4080 attis
1227 4027 1310 4080 rebare

133 4112 190 4151 von
203 4100 228 4149 et
242 4097 347 4164 adin
362 4095 603 4220 derVerbindnng
615 4095 694 4151 nicht
747 4102 794 4163 16ς
821 4101 873 4151 moa
894 4098 946 4151 itta
968 4099 1080 4152 miseria
1102 4103 1148 4164 563
1178 4097 1246 4150 cciiii
1268 4103 1309 4151 est

134 4165 279 4236 negativer
292 4167 402 4237 Fragen
416 4168 526 4234 stehen;
549 4167 581 4219 Ε·
606 4207 611 4219 .
632 4173 692 4236 644,
737 4184 807 4222 7σιιιιι
829 4169 878 4222 illo
901 4169 997 4223 ordine
1020 4176 1058 4235 dg
1078 4169 1147 4223 milti
1167 4185 1217 4236 per
1234 4169 1310 4223 hamc

79 4237 117 4291 46
131 4244 157 4294 3.
176 4256 213 4292 m.
235 4239 239 4305 Ι
265 4243 306 4293 15.
328 4254 377 4307 ape
399 4255 470 4305 cero,
489 4255 510 4293 s.
534 4243 576 4292 40.
597 4237 692 4293 Cicero
746 4254 857 4294 eamcam
880 4241 1024 4294 conciliari
1046 4246 1088 4295 76.
1112 4243 1116 4308 Ι
1143 4245 1183 4292 19.
1207 4244 1311 4306 moster,

133 4310 204 4365 setzt
221 4309 291 4378 hier¹
301 4310 352 4363 eui
362 4309 516 4379 Reehnung
534 4309 583 4363 der
601 4315 692 4364 auoto-
745 4328 778 4363 zu
789 4311 857 4378 641
879 4316 922 4365 20.
941 4312 973 4365 im
986 4312 1099 4365 ultimae
1108 4326 1196 4379 prope
1209 4315 1311 4377 terrae,

133 4381 216 4448 ritas,
241 4397 298 4436 uas
321 4380 423 4435 andere
446 4381 499 4435 mit
524 4379 620 4436 Grund
643 4382 692 4436 der
745 4400 779 4436 zu
802 4388 844 4439 36.
865 4384 871 4452 1
892 4387 934 4438 22.
957 4397 1048 4436 nomae
1070 4380 1134 4436 dart
1153 4380 1233 4434 nicht
1255 4399 1308 4436 un-
