2836 4800
132 231 179 311 ’62
524 245 562 301 u.
582 245 705 301 runnu
723 241 913 300 oronuours

135 415 243 494 virtus,
266 431 342 492 quae
365 415 464 474 estin
489 412 540 473 Cn.
563 413 704 492 Pompeio
734 410 907 492 singularis,
931 410 983 471 sed
1007 409 1080 471 aliae
1104 429 1223 490 quoque
1246 415 1307 473 vir·

135 511 214 562 tutes
237 504 327 562 animi
349 520 471 581 magnae
502 510 532 563 et
560 501 669 562 multae
698 502 901 579 requiruntur.
953 498 1072 560 difficile
1101 508 1147 560 est
1173 502 1204 561 iu
1227 500 1308 582 Asia,

136 589 249 671 Cilicia,
278 590 361 670 Syria
389 593 549 670 regnisque
576 592 753 668 interiorum
781 590 934 649 nationum
962 590 1004 648 ita
1031 591 1144 648 versari
1167 598 1306 651 nostrum

134 682 359 761 imperatorem,
395 687 429 740 ut
459 678 534 739 nihil
566 677 644 738 aliud
674 680 732 738 nisi
760 676 797 738 de
824 676 909 737 hoste
937 694 971 738 ac
1005 675 1043 737 de
1070 676 1156 737 laude
1185 679 1304 757 cogitet.

135 767 255 850 deiude,
287 770 376 829 etiam
408 770 434 828 si
464 769 515 846 qui
547 775 617 828 sunt
648 765 762 845 pudore
795 784 829 826 ac
858 767 1053 844 temperantia
1080 765 1332 850 moderatiores,5

134 864 233 917 tamen
266 875 332 917 eos.
350 874 416 917 esse
447 856 522 927 tales
548 862 672 935 propter
693 853 919 915 'multitudinem
947 853 1123 933 cupidorum
1149 854 1305 916 hominum

82 942 125 1008 65
135 963 223 1005 nemo
259 944 430 1006 arbitratur.
484 943 603 1005 difficile
641 951 687 1004 est
722 943 818 1024 dictu,
850 942 995 1024 Quirites,
1028 952 1138 1021 quanto
1171 946 1202 1004 iu
1236 944 1304 1005 odio

43 1099 45 1104 ¹
135 1036 228 1094 simus
252 1033 329 1113 apud
352 1040 469 1094 exteras
492 1035 626 1093 nationes
649 1039 772 1112 propter
795 1050 913 1112 eornm,
942 1049 1016 1110 quos
1039 1032 1075 1092 ad
1100 1049 1149 1092 eas
1171 1050 1226 1111 per
1249 1034 1304 1093 hos

134 1140 227 1182 anuos
250 1141 318 1183 cum
341 1123 466 1202 imperio
489 1124 639 1201 misimus,
660 1118 799 1182 libidines
826 1127 856 1181 et
878 1122 1010 1181 iniurias.
1057 1120 1136 1199 quod
1160 1124 1239 1182 enim
1261 1123 1303 1182 la·

134 1229 206 1271 num
228 1213 340 1290 putatis
362 1213 393 1271 in
416 1210 474 1271 illis
501 1212 591 1272 terris
618 1211 729 1271 uostris
757 1207 977 1288 magistratibus
1005 1208 1191 1290 religiosum,
1214 1229 1302 1289 quam
1318 1226 1345 1266 1o

135 1301 283 1370 civitatem
306 1307 449 1382 sanctam,
473 1317 560 1378 qnam
579 1300 700 1360 domum
722 1301 794 1359 satis
813 1297 941 1359 clausam
964 1316 998 1357 ac
1020 1299 1165 1359 munitam
1187 1295 1304 1360 luisse?

133 1386 224 1449 urbes
251 1391 310 1449 iam
336 1388 500 1468 locupletes
528 1396 558 1449 et
584 1390 720 1467 copiosae
748 1388 953 1466 requiruntur,
981 1384 1088 1465 quibus
1117 1405 1205 1448 causa
1233 1386 1304 1448 belli

81 1475 123 1540 66
134 1485 256 1555 propter
292 1477 450 1555 diripiendi
482 1476 672 1555 cupiditatem
708 1476 862 1536 inseratur.
920 1472 1048 1535 libenter
1088 1475 1162 1536 haec
1203 1494 1304 1536 coram

134 1583 202 1625 cum
225 1564 259 1636 Q.
283 1564 386 1627 Catulo
409 1574 440 1626 et
463 1564 497 1636 Q.
520 1564 693 1645 Hortensio,
716 1566 839 1626 summis
863 1572 893 1624 et
911 1559 1083 1624 clarissimis
1101 1566 1182 1647 viris,
1202 1565 1301 1645 dispu-

133 1661 240 1734 tarem,
264 1663 410 1714 noverunt
433 1656 512 1714 enim
536 1655 685 1714 sociorum
708 1653 844 1734 vulnera,
862 1651 963 1713 rident
985 1670 1090 1712 eorum
1114 1652 1303 1736 calamitates,
1317 1670 1348 1710 ιε»

132 1912 163 1966 in
180 1911 244 1966 dem
262 1912 414 1980 speciellen
431 1913 495 1967 Fall
512 1914 569 1967 und
587 1913 692 1982 lolgeri

133 1983 233 2037 dorsus
252 1983 298 2038 die
315 1982 401 2038 Wahl
419 1984 468 2038 des
485 1984 635 2054 Pompeius
648 1983 690 2038 als

133 2052 179 2108 die
204 2054 294 2124 einzig
311 2055 457 2110 ribhliche.
497 2054 576 2109 ‘Wos
595 2054 690 2110 Cicero

132 2125 204 2195 will,
231 2125 367 2194 sprechen
393 2143 439 2180 nm
466 2125 690 2181 bestimmlesien

132 2195 177 2250 die
204 2196 301 2251 Worte
329 2202 343 2262 5
367 2202 400 2252 67
428 2214 491 2253 aus:
523 2198 605 2266 quasi
627 2213 690 2252 vero

134 2266 294 2336 Pompeium
307 2283 364 2322 non
377 2284 438 2322 cum
455 2269 514 2323 suis
531 2268 688 2333 uirtutibus,

132 2343 190 2391 inm
221 2339 302 2392 etiam
334 2339 433 2392 olienis
459 2340 535 2394 uitiis
561 2355 691 2407 mupnnm

132 2423 186 2462 esse
203 2409 356 2484 umbones.-
378 2408 466 2463 durch
483 2409 558 2464 scine
576 2424 690 2479 grossen

131 2477 296 2535 Verdiensle
311 2480 451 2535 erscheiue
470 2480 568 2550 Bomp.
584 2479 627 2534 als
640 2480 690 2533 der

131 2549 689 2621 relaciowurdigstedurohoiesdn-

744 1912 816 1967 auch
838 1912 879 1966 im
902 1911 1032 1981 singular
1058 1928 1114 1967 von
1137 1912 1227 1968 einem
1251 1932 1305 1968 un-

743 1982 936 2051 beslimmlen‚
961 1981 1015 2038 wie
1039 1982 1086 2038 bei
1112 2001 1165 2038 uns
1190 2002 1243 2039 nur
1263 1984 1305 2039 im

746 2053 846 2108 Plural.
884 2056 937 2122 (26.
956 2056 1010 2123 46.)
1049 2055 1053 2121 Ι
1091 2060 1119 2110 4.
1150 2059 1183 2110 nb
1214 2055 1307 2110 bleibc

743 2125 844 2195 gerade
862 2124 893 2178 in
906 2124 1103 2180 formelhofben
1117 2124 1304 2195 Wendungen

742 2195 795 2250 wie
812 2197 885 2250 nibil
902 2197 982 2250 uliud
998 2197 1056 2251 nisi
1069 2213 1154 2266 gerne
1167 2214 1218 2253 vor
1231 2199 1308 2253 nibil

742 2267 849 2322 slehen.
870 2270 875 2330 Ι
894 2267 967 2321 nibil
984 2268 1082 2322 aliud
1098 2267 1156 2322 niti
1173 2270 1224 2324 cle:
1242 2269 1305 2323 der·

745 2338 822 2392 selbe
854 2336 985 2392 Wechsel
1020 2337 1070 2392 der
1106 2337 1304 2395 Construction

742 2427 770 2478 p.
790 2408 859 2463 Sull.
879 2414 926 2463 65:
949 2414 981 2462 ul
997 2409 1069 2463 nibil
1085 2415 1179 2477 posteo
1196 2411 1253 2465 nisi
1270 2411 1308 2466 de

742 2480 816 2549 reip.
825 2480 970 2534 coinmodis
978 2480 1115 2549 cupituril.
1132 2483 1136 2549 Ι
1158 2486 1182 2537 5.
1192 2482 1302 2537 deinde:

742 2550 794 2605 wir
813 2550 900 2605 ‘donn
918 2550 1028 2619 eber';
1048 2552 1109 2606 eine
1123 2552 1216 2608 solche
1231 2551 1302 2608 Gon-

132 2621 186 2676 den
195 2622 252 2675 und
262 2621 433 2677 Schwdchen
447 2623 496 2677 der
509 2623 632 2677 anderen
646 2621 687 2676 als
739 2620 868 2692 junction
875 2621 1302 2706 briliimLainichlzndeindel

132 2692 181 2747 der
204 2692 315 2762 einnig
337 2693 508 2764 mbgliche
533 2692 688 2749 Feldherr’.

131 2763 224 2818 Halm.
256 2765 299 2818 An
310 2764 371 2818 sich
384 2764 480 2818 wdrde
494 2781 561 2818 mon
573 2770 589 2830 5
599 2770 633 2819 64
646 2769 688 2818 ai-

98 2895 105 2908 ,
132 2851 182 2902 que
195 2840 265 2890 —68
287 2837 427 2904 pendeant
449 2834 602 2890 entbehren
619 2834 688 2889 libn-

130 2921 200 2971 nen,
227 2906 319 2959 numnl
345 2905 383 2960 de
409 2907 600 2974 quodsi...68
629 2906 689 2960 sich

131 2977 183 3044 gul
191 2991 228 3028 nn
236 2993 264 3044 p.
272 2982 315 3043 61,
325 2981 358 3029 21
368 2973 557 3031 anschliessen
566 2976 670 3032 wurde.
682 2976 687 3046 Ι

131 3046 256 3100 Asiatico
282 3051 307 3100 ei
335 3047 419 3115 nepio.
464 3046 549 3101 Beide
577 3047 689 3101 Wbrter

132 3116 220 3172 sollen
242 3117 296 3172 deu
315 3115 468 3172 Geddnlren
493 3134 530 3171 an
554 3116 609 3172 den
627 3117 689 3172 dor-

130 3187 208 3258 bigen
232 3189 326 3243 Luxus
352 3189 410 3243 und
432 3187 478 3243 die
502 3187 689 3243 voreussicht-

130 3258 209 3314 liche
221 3260 315 3315 reiche
332 3261 420 3315 Beule
439 3258 591 3315 erweclren.
627 3259 688 3330 Lir.

131 3336 240 3400 34,4‚3:
255 3332 344 3386 etium
353 3333 385 3386 in
391 3331 536 3386 Grmcium
542 3333 690 3401 Asiamque

129 3402 347 3456 transcendimus
378 3403 504 3457 omnibns
541 3403 689 3458 libidinum

129 3473 262 3526 illecebris
275 3474 399 3541 repletas,
414 3478 438 3527 el
449 3475 539 3543 repias
553 3475 634 3529 etiam
648 3479 689 3528 ai-

130 3547 274 3599 lreclomns
287 3558 379 3613 paine.
397 3544 490 3598 Ueber
503 3550 528 3599 el
542 3545 603 3599 hier
617 3548 647 3613 (s.
661 3563 689 3613 p.

131 3615 224 3683 63,1οΙ
238 3633 300 3682 up.
308 3619 372 3682 dm
381 3613 496 3669 Haeclre
507 3614 547 3670 Si.
557 3621 573 3681 5
582 3622 626 3685 25,
637 3623 651 3670 1
662 3634 689 3685 p.

131 3691 177 3751 683
197 3685 265 3747 witz!
278 3685 364 3754 Krieg
382 3701 474 3754 gagen
493 3685 574 3740 einen
588 3686 690 3742 Asiati·

75 3781 80 3794 ·
130 3756 320 3826 scheannig.
337 3759 341 3827 Ι
358 3756 518 3812 induaris
531 3758 691 3826 illusimus,

131 3846 151 3881 s.
166 3834 213 3893 363
232 3829 346 3884 uirtutes
364 3828 461 3894 animi,
480 3825 525 3881 ein
540 3833 688 3897 ergbnzen-

130 3898 179 3952 der
207 3898 428 3970 Objecbsgenibiv
458 3897 511 3951 wie
538 3904 571 3953 67
602 3900 690 3952 animi

130 3969 333 4040 continentium,
348 3989 369 4024 s.
379 3969 558 4040 Nbgelsbuoh
567 3968 605 4023 st.
621 3975 688 4037 519,

132 4048 144 4094 1
162 4058 188 4110 g.
202 4039 233 4095 Ε.
263 4043 267 4108 Ι
297 4048 321 4096 2.
340 4058 455 4111 mopnoe
473 4045 498 4094 el
515 4042 624 4106 multae,
636 4040 689 4095 wie

131 4112 168 4166 ed
185 4111 287 4166 Hercu.
308 4117 324 4165 2
343 4117 358 4177 5
377 4117 410 4166 37
429 4113 537 4181 mapnis
554 4117 579 4166 el
596 4112 690 4166 multis

129 4183 320 4248 incommodis;
342 4180 387 4237 die
405 4182 598 4252 gewdhuliche
617 4181 687 4236 scer-

70 4316 73 4323 ,
129 4254 250 4322 lungitt.
280 4255 285 4322 Ι
314 4260 339 4309 3.
352 4254 523 4319 interiorum,
537 4254 555 4309 i.
570 4271 594 4309 e.
605 4253 688 4308 Asine

130 4323 282 4393 interioris,
306 4325 354 4380 des
378 4323 593 4381 Binnenlnndes.
615 4324 620 4396 Ι
640 4341 687 4380 no-

129 4401 215 4451 slrnm
234 4397 421 4466 imperatorum
440 4396 484 4450 ein
502 4395 533 4450 F.
552 4413 608 4450 von
626 4414 686 4464 uus,

742 2694 946 2748 moderatiores:
973 2694 1045 2747 euch
1071 2691 1128 2748 Cic.
1153 2699 1304 2765 comperiri

742 2763 814 2819 viele
842 2762 1025 2834 adjectivisch
1048 2765 1214 2846 gewordene
1235 2765 1306 2820 Pnr-'

741 2833 841 2905 licipia
859 2836 889 2902 (s.
908 2854 931 2888 n.
951 2835 982 2890 Β.
1002 2840 1035 2889 bb
1053 2853 1072 2889 1.
1091 2836 1135 2905 A.)
1156 2839 1161 2904 Ι
1182 2843 1207 2891 6.
1226 2838 1302 2905 mopi-

742 2907 849 2973 dornm,
866 2906 885 2960 i.
901 2922 923 2960 ε.
943 2921 1099 2974 avarorum,
1118 2907 1176 2976 vgl.
1194 2909 1317 2977 menidi?

742 2981 798 3031 tole
808 2976 938 3031 6⁷.‘Verr.
949 2976 1010 3031 Aoi.
1020 2975 1091 3032 141:
1104 2992 1133 3031 se
1146 2979 1308 3034 neomesimi

742 3048 860 3102 luminis
868 3047 1018 3116 cupiditati
1026 3049 1095 3102 satis
1104 3048 1301 3174 iocereposse.p

744 3124 768 3174 ⁵1.
787 3119 819 3172 in
841 3118 904 3172 odio
926 3119 1011 3187 opud,
1037 3119 1091 3173 wie
1110 3119 1187 3174 Verr.
1205 3121 1269 3176 Aet.
1315 3121 1361 3178 65

742 3195 791 3256 423
815 3189 985 3244 andemnrcs
1005 3190 1126 3252 anchin
1144 3193 1216 3259 odio,
1238 3193 1302 3247 odio

743 3276 797 3314 erse
821 3260 914 3316 alieni.
935 3262 939 3329 Ι
962 3265 988 3315 9.
1015 3261 1156 3331 libidines,
1182 3263 1236 3318 wie
1263 3263 1303 3316 im

744 3331 899 3401 Gegenseln
916 3331 994 3386 Verr.
1013 3338 1031 3385 4
1054 3336 1070 3396 5
1090 3337 1157 3387 115:
1185 3334 1305 3401 conferie

742 3403 825 3457 buius
835 3401 949 3472 (Verris)
960 3403 1087 3460 libidines
1096 3420 1157 3458 cnm
1165 3405 1244 3460 illins
1254 3404 1301 3474 (Μ.

743 3473 880 3543 Marcelli)
891 3474 1066 3529 continentia.
1084 3474 1088 3543 Ι
1108 3475 1302 3544 quodfannm:

743 3562 771 3614 p.
800 3544 902 3599 Flacco
930 3549 976 3599 6⁵1:
1014 3549 1044 3599 al
1074 3544 1125 3602 On.
1154 3545 1303 3616 Pompeius

744 3617 832 3684 copiis
858 3615 1056 3686 Hierosolymis
1081 3617 1168 3672 eicior
1193 3633 1227 3671 eac
1252 3618 1301 3672 illo

743 3687 811 3753 fano
829 3687 901 3741 nibil
919 3687 1018 3756 attipil.
1039 3688 1043 3755 Ι
1066 3687 1301 3756 tuitiensem

745 3763 787 3814 20.
804 3761 809 3826 Ι
830 3763 872 3812 12.
900 3759 1019 3827 quibus.
1035 3759 1226 3826 ..insecutum
1252 3777 1301 3813 um

743 3845 835 3898 gegen
853 3828 892 3884 sie
907 3829 989 3883 einen
1001 3829 1201 3900 Knegsgrund,
1220 3829 1302 3884 einen

742 3899 881 3955 Vorwend
908 3918 972 3954 num
998 3900 1085 3970 Krieg
1111 3919 1145 3955 zu
1172 3900 1301 3969 erheben‚

743 3988 777 4024 zu
792 3970 966 4026 schleudern.
1003 3969 1059 4026 Cic.
1079 3972 1164 4042 spiell
1181 3972 1234 4026 mit
1252 3970 1301 4026 der

743 4043 898 4096 Redensart
916 4042 1014 4096 bellum
1031 4043 1141 4110 inferre.
1166 4045 1171 4112 Ι
1197 4048 1238 4098 13.
1262 4059 1304 4098 co-
1317 4041 1360 4098 od

743 4129 813 4181 rom,
835 4111 1001 4194 persbnlich,
1023 4130 1079 4168 von
1097 4114 1252 4185 Angesichl
1269 4133 1302 4169 nu

742 4184 905 4253 Augemmi,
924 4200 972 4237 um
986 4183 1027 4239 sie
1041 4185 1128 4240 selbot
1142 4204 1177 4240 zu
1191 4181 1302 4255 Zeugen
1326 4219 1330 4227 ·

742 4272 777 4308 zu
795 4254 923 4311 nehmeu.
951 4254 1056 4310 Darum
1075 4257 1154 4311 enim.
1188 4257 1233 4312 Sie
1247 4274 1301 4311 wa-

741 4341 790 4379 ren
809 4325 868 4380 olso
887 4326 916 4380 in
935 4325 984 4380 der
1002 4327 1095 4381 contio
1114 4327 1194 4382 nicht
1211 4345 1301 4383 anwe-

742 4396 817 4450 send.
841 4400 844 4465 Ι
876 4403 918 4452 15.
937 4402 1079 4463 nooernnl,
1110 4399 1203 4453 uident
1234 4415 1306 4453 ona-
